<collection xmlns="http://www.loc.gov/MARC21/slim">
<record>
  <leader>01029nam0a22002291i 450 </leader>
  <controlfield tag="001">IT\ICCU\CNCE\063816</controlfield>
  <controlfield tag="005">20060119000000.0</controlfield>
  <datafield tag="012" ind1=" " ind2=" ">
    <subfield code="a">ist: uslo amti EtPr (C) 1504 (R)</subfield>
    <subfield code="2">fei</subfield>
  </datafield>
  <datafield tag="100" ind1=" " ind2=" ">
    <subfield code="a">20060119d1505        0itac0103    ba</subfield>
  </datafield>
  <datafield tag="101" ind1=" " ind2=" ">
    <subfield code="a">LAT</subfield>
  </datafield>
  <datafield tag="102" ind1=" " ind2=" ">
    <subfield code="a">IT</subfield>
  </datafield>
  <datafield tag="200" ind1="1" ind2=" ">
    <subfield code="a">℗Pindari Ausonii ℗Epitoma in Iliadem Homeri</subfield>
  </datafield>
  <datafield tag="210" ind1=" " ind2=" ">
    <subfield code="e">\Parma!</subfield>
    <subfield code="g">Franciscus Vgoletus Parmensis Bernardi Calestani impensis impressit</subfield>
    <subfield code="h">1504 die XV Decembris</subfield>
  </datafield>
  <datafield tag="215" ind1=" " ind2=" ">
    <subfield code="a">\18! c.</subfield>
    <subfield code="d">4o</subfield>
  </datafield>
  <datafield tag="300" ind1=" " ind2=" ">
    <subfield code="a"></subfield>
  </datafield>
  <datafield tag="620" ind1=" " ind2=" ">
    <subfield code="a">IT</subfield>
    <subfield code="d">Parma</subfield>
  </datafield>
  <datafield tag="712" ind1="0" ind2="0">
    <subfield code="a">Ugoleto, Francesco</subfield>
    <subfield code="3">IT\ICCU\CNCT\000220</subfield>
    <subfield code="4">650</subfield>
  </datafield>
  <datafield tag="712" ind1="0" ind2="0">
    <subfield code="a">Calestani, Bernardo</subfield>
    <subfield code="3">IT\ICCU\CNCT\003404</subfield>
    <subfield code="4">650</subfield>
  </datafield>
  <datafield tag="791" ind1="0" ind2="0">
    <subfield code="a">Ugoletus, Franciscus</subfield>
    <subfield code="3">IT\ICCU\CNCT\005613</subfield>
    <subfield code="z">Ugoleto, Francesco</subfield>
  </datafield>
  <datafield tag="791" ind1="0" ind2="0">
    <subfield code="a">Calestanus, Bernardus</subfield>
    <subfield code="3">IT\ICCU\CNCT\004398</subfield>
    <subfield code="z">Calestani, Bernardo</subfield>
  </datafield>
  <datafield tag="801" ind1=" " ind2="3">
    <subfield code="a">IT</subfield>
    <subfield code="b">ICCU</subfield>
    <subfield code="c">20201115</subfield>
  </datafield>
  <datafield tag="899" ind1=" " ind2=" ">
    <subfield code="a">Biblioteca statale. Cremona</subfield>
    <subfield code="1">CR0062</subfield>
    <subfield code="2">LO1 28</subfield>
  </datafield>
</record>
</collection>
